@book{alcubierre2008introduction,
  title={Introduction to 3+1 Numerical Relativity},
  author={Alcubierre, M.},
  isbn={9780199205677},
  lccn={2008428221},
  series={International Series of Monogr},
  url={https://books.google.co.uk/books?id=sIwSDAAAQBAJ},
  year={2008},
  publisher={OUP Oxford}
}

@article{Bowen:1980yu,
    author = "Bowen, Jeffrey M. and York, Jr., James W.",
    title = "{Time asymmetric initial data for black holes and black hole collisions}",
    doi = "10.1103/PhysRevD.21.2047",
    journal = "Phys. Rev. D",
    volume = "21",
    pages = "2047--2056",
    year = "1980"
}

@article{Brandt:1997tf,
    author = "Brandt, Steven and Bruegmann, Bernd",
    title = "{A Simple construction of initial data for multiple black holes}",
    eprint = "gr-qc/9703066",
    archivePrefix = "arXiv",
    doi = "10.1103/PhysRevLett.78.3606",
    journal = "Phys. Rev. Lett.",
    volume = "78",
    pages = "3606--3609",
    year = "1997"
}

@article{Gundlach:2005eh,
    author = "Gundlach, Carsten and Martin-Garcia, Jose M. and Calabrese, Gioel and Hinder, Ian",
    title = "{Constraint damping in the Z4 formulation and harmonic gauge}",
    eprint = "gr-qc/0504114",
    archivePrefix = "arXiv",
    doi = "10.1088/0264-9381/22/17/025",
    journal = "Class. Quant. Grav.",
    volume = "22",
    pages = "3767--3774",
    year = "2005"
}

@article{Pretorius:2004jg,
    author = "Pretorius, Frans",
    title = "{Numerical relativity using a generalized harmonic decomposition}",
    eprint = "gr-qc/0407110",
    archivePrefix = "arXiv",
    doi = "10.1088/0264-9381/22/2/014",
    journal = "Class. Quant. Grav.",
    volume = "22",
    pages = "425--452",
    year = "2005"
}

@article{Lindblom:2005qh,
    author = "Lindblom, Lee and Scheel, Mark A. and Kidder, Lawrence E. and Owen, Robert and Rinne, Oliver",
    title = "{A New generalized harmonic evolution system}",
    eprint = "gr-qc/0512093",
    archivePrefix = "arXiv",
    doi = "10.1088/0264-9381/23/16/S09",
    journal = "Class. Quant. Grav.",
    volume = "23",
    pages = "S447--S462",
    year = "2006"
}
